@article{DBLP:journals/corr/abs-1902-10740,
  author    = {Wenbo Li and
               Pengchuan Zhang and
               Lei Zhang and
               Qiuyuan Huang and
               Xiaodong He and
               Siwei Lyu and
               Jianfeng Gao},
  title     = {Object-driven Text-to-Image Synthesis via Adversarial Training},
  journal   = {CoRR},
  volume    = {abs/1902.10740},
  year      = {2019},
  url       = {http://arxiv.org/abs/1902.10740},
  archivePrefix = {arXiv},
  eprint    = {1902.10740},
  timestamp = {Tue, 21 May 2019 18:03:36 +0200},
  biburl    = {https://dblp.org/rec/bib/journals/corr/abs-1902-10740},
  bibsource = {dblp computer science bibliography, https://dblp.org}
}
a service of Schloss Dagstuhl - Leibniz Center for Informatics	homebrowsesearchabout

